@PREAMBLE{
 "\providecommand{\noopsort}[1]{}" 
 # "\providecommand{\singleletter}[1]{#1}%" 
}

%%%%%%%%%%%%%%%% introduction
@book{sarkar_uncertainty_2017,
	address = {Singapore},
	title = {Uncertainty quantification in computational science: theory and application in fluids and structural mechanics},
	isbn = {978-981-4730-57-0 978-981-4730-58-7},
	publisher = {World Scientific Publishing Co. Pte. Ltd},
	author = {Sarkar, Sunetra and Witteveen, Jeroen A. S.},
	year = {2017},
	doi = {10.1142/9789814730587},
}

@article{oconnor_quantifying_2024,
	title = {Quantifying uncertainties in direct numerical simulations of a turbulent channel flow},
	volume = {268},
	issn = {00457930},
	url = {https://linkinghub.elsevier.com/retrieve/pii/S004579302300333X},
	doi = {10.1016/j.compfluid.2023.106108},
	urldate = {2024-11-11},
	journal = {Computers \& Fluids},
	author = {O’Connor, Joseph and Laizet, Sylvain and Wynn, Andrew and Edeling, Wouter and Coveney, Peter V.},
	month = jan,
	year = {2024},
	pages = {106108},
}

@article{chernatynskiy_uncertainty_2013,
	title = {Uncertainty {Quantification} in {Multiscale} {Simulation} of {Materials}: {A} {Prospective}},
	volume = {43},
	issn = {1531-7331, 1545-4118},
	url = {https://www.annualreviews.org/doi/10.1146/annurev-matsci-071312-121708},
	doi = {10.1146/annurev-matsci-071312-121708},
	number = {1},
	urldate = {2024-11-11},
	journal = {Annual Review of Materials Research},
	author = {Chernatynskiy, Aleksandr and Phillpot, Simon R. and LeSar, Richard},
	month = jul,
	year = {2013},
	pages = {157--182},
}

@article{suleimenova_tutorial_2021,
	title = {Tutorial applications for {Verification}, {Validation} and {Uncertainty} {Quantification} using {VECMA} toolkit},
	volume = {53},
	issn = {18777503},
	url = {https://linkinghub.elsevier.com/retrieve/pii/S1877750321000892},
	doi = {10.1016/j.jocs.2021.101402},
	urldate = {2024-11-11},
	journal = {Journal of Computational Science},
	author = {Suleimenova, Diana and Arabnejad, Hamid and Edeling, Wouter N. and Coster, David and Luk, Onnie O. and Lakhlili, Jalal and Jancauskas, Vytautas and Kulczewski, Michal and Veen, Lourens and Ye, Dongwei and Zun, Pavel and Krzhizhanovskaya, Valeria and Hoekstra, Alfons and Crommelin, Daan and Coveney, Peter V. and Groen, Derek},
	month = jul,
	year = {2021},
	pages = {101402},
}

@article{coveney_reliability_2021,
	title = {Reliability and reproducibility in computational science: implementing validation, verification and uncertainty quantification \textit{in silico}},
	volume = {379},
	issn = {1364-503X, 1471-2962},
	shorttitle = {Reliability and reproducibility in computational science},
	url = {https://royalsocietypublishing.org/doi/10.1098/rsta.2020.0409},
	doi = {10.1098/rsta.2020.0409},
	number = {2197},
	urldate = {2024-11-11},
	journal = {Philosophical Transactions of the Royal Society A: Mathematical, Physical and Engineering Sciences},
	author = {Coveney, Peter V. and Groen, Derek and Hoekstra, Alfons G.},
	month = may,
	year = {2021},
	pages = {rsta.2020.0409, 20200409},
}

@article{coveney_when_2021,
	title = {When we can trust computers (and when we can't)},
	volume = {379},
	issn = {1364-503X, 1471-2962},
	url = {https://royalsocietypublishing.org/doi/10.1098/rsta.2020.0067},
	doi = {10.1098/rsta.2020.0067},
	number = {2197},
	urldate = {2024-11-11},
	journal = {Philosophical Transactions of the Royal Society A: Mathematical, Physical and Engineering Sciences},
	author = {Coveney, Peter V. and Highfield, Roger R.},
	month = may,
	year = {2021},
	pages = {rsta.2020.0067, 20200067},
}

@article{Baumeier2011,
author = {Rühle, Victor and Lukyanov, Alexander and May, Falk and Schrader, Manuel and Vehoff, Thorsten and Kirkpatrick, James and Baumeier, Björn and Andrienko, Denis},
title = {Microscopic Simulations of Charge Transport in Disordered Organic Semiconductors},
journal = {Journal of Chemical Theory and Computation},
volume = {7},
number = {10},
pages = {3335-3345},
year = {2011},
doi = {10.1021/ct200388s},
    note ={PMID: 22076120},

}

@article{edeling_global_2024,
	title = {Global ranking of the sensitivity of interaction potential contributions within classical molecular dynamics force fields},
	volume = {10},
	issn = {2057-3960},
	url = {https://www.nature.com/articles/s41524-024-01272-z},
	doi = {10.1038/s41524-024-01272-z},
	number = {1},
	urldate = {2024-11-11},
	journal = {npj Computational Materials},
	author = {Edeling, Wouter and Vassaux, Maxime and Yang, Yiming and Wan, Shunzhou and Guillas, Serge and Coveney, Peter V.},
	month = may,
	year = {2024},
	pages = {87},
}

@article{coropceanu_charge_2007,
	title = {Charge {Transport} in {Organic} {Semiconductors}},
	volume = {107},
	issn = {0009-2665, 1520-6890},
	url = {https://pubs.acs.org/doi/10.1021/cr050140x},
	doi = {10.1021/cr050140x},
	number = {4},
	urldate = {2024-11-11},
	journal = {Chemical Reviews},
	author = {Coropceanu, Veaceslav and Cornil, Jérôme and Da Silva Filho, Demetrio A. and Olivier, Yoann and Silbey, Robert and Brédas, Jean-Luc},
	month = apr,
	year = {2007},
	pages = {926--952},
}
%%%%%%%%%%%%%%%%%%%%%%%%%%%%% end introduction

%%%%%%%%%%%%%%%%%%%%%%%%%%%%%%% method
@article{berendsen_gromacs_1995,
	title = {{GROMACS}: {A} message-passing parallel molecular dynamics implementation},
	volume = {91},
	copyright = {https://www.elsevier.com/tdm/userlicense/1.0/},
	issn = {00104655},
	url = {https://linkinghub.elsevier.com/retrieve/pii/001046559500042E},
	doi = {10.1016/0010-4655(95)00042-E},
	number = {1-3},
	urldate = {2024-10-03},
	journal = {Computer Physics Communications},
	author = {Berendsen, H.J.C. and Van Der Spoel, D. and Van Drunen, R.},
	month = sep,
	year = {1995},
	pages = {43--56},
}

@book{doyle_random_1984,
	address = {Providence, Rhode Island},
	series = {Carus {Mathematical} {Monographs}},
	title = {Random {Walks} and {Electric} {Networks}},
	volume = {22},
	copyright = {https://www.cambridge.org/core/terms},
	isbn = {978-1-61444-022-2},
	url = {https://www.ams.org/car/022},
	urldate = {2024-11-13},
	publisher = {American Mathematical Society},
	author = {Doyle, Peter and Snell, J.},
	year = {1984},
	doi = {10.5948/UPO9781614440222},
}


@article{stroet_automated_2018,
	title = {Automated {Topology} {Builder} {Version} 3.0: {Prediction} of {Solvation} {Free} {Enthalpies} in {Water} and {Hexane}},
	volume = {14},
	issn = {1549-9618, 1549-9626},
	url = {https://pubs.acs.org/doi/10.1021/acs.jctc.8b00768},
	doi = {10.1021/acs.jctc.8b00768},
	number = {11},
	urldate = {2024-10-03},
	journal = {Journal of Chemical Theory and Computation},
	author = {Stroet, Martin and Caron, Bertrand and Visscher, Koen M. and Geerke, Daan P. and Malde, Alpeshkumar K. and Mark, Alan E.},
	month = nov,
	year = {2018},
	pages = {5834--5845},
}

@article{bussi_canonical_2007,
	title = {Canonical sampling through velocity rescaling},
	volume = {126},
	issn = {0021-9606, 1089-7690},
	url = {https://pubs.aip.org/jcp/article/126/1/014101/186581/Canonical-sampling-through-velocity-rescaling},
	doi = {10.1063/1.2408420},
	number = {1},
	urldate = {2024-10-04},
	journal = {The Journal of Chemical Physics},
	author = {Bussi, Giovanni and Donadio, Davide and Parrinello, Michele},
	month = jan,
	year = {2007},
	pages = {014101},
}

@article{parrinello_polymorphic_1981,
	title = {Polymorphic transitions in single crystals: {A} new molecular dynamics method},
	volume = {52},
	issn = {0021-8979, 1089-7550},
	url = {https://pubs.aip.org/jap/article/52/12/7182/9558/Polymorphic-transitions-in-single-crystals-A-new},
	doi = {10.1063/1.328693},
	number = {12},
	urldate = {2024-10-04},
	journal = {Journal of Applied Physics},
	author = {Parrinello, M. and Rahman, A.},
	month = dec,
	year = {1981},
	pages = {7182--7190},
}

@article{van_gunsteren_leap,
	title = {A {Leap}-frog {Algorithm} for {Stochastic} {Dynamics}},
	volume = {1},
	issn = {0892-7022, 1029-0435},
	url = {https://www.tandfonline.com/doi/full/10.1080/08927028808080941},
	doi = {10.1080/08927028808080941},
	number = {3},
	urldate = {2024-10-03},
	journal = {Molecular Simulation},
	author = {Van Gunsteren, W. F. and Berendsen, H. J. C.},
	month = mar,
	year = {1988},
	pages = {173--185},
}

@article{kohn_self_1965,
	title = {Self-{Consistent} {Equations} {Including} {Exchange} and {Correlation} {Effects}},
	volume = {140},
	copyright = {http://link.aps.org/licenses/aps-default-license},
	issn = {0031-899X},
	url = {https://link.aps.org/doi/10.1103/PhysRev.140.A1133},
	doi = {10.1103/PhysRev.140.A1133},
	number = {4A},
	urldate = {2024-06-19},
	journal = {Physical Review},
	author = {Kohn, W. and Sham, L. J.},
	month = nov,
	year = {1965},
	pages = {A1133--A1138},
}

@article{Neese2012a,
    title = {{The ORCA program system}},
    year = {2012},
    journal = {Wiley Interdisciplinary Reviews: Computational Molecular Science},
    author = {Neese, Frank},
    number = {1},
    month = {1},
    pages = {73--78},
    volume = {2},
    publisher = {John Wiley {\&} Sons, Ltd},
    doi = {10.1002/wcms.81},
    issn = {17590876}
}

@article{weigend_accurate_2006,
	title = {Accurate {Coulomb}-fitting basis sets for {H} to {Rn}},
	volume = {8},
	issn = {1463-9076, 1463-9084},
	url = {https://xlink.rsc.org/?DOI=b515623h},
	doi = {10.1039/b515623h},
	number = {9},
	urldate = {2024-07-16},
	journal = {Physical Chemistry Chemical Physics},
	author = {Weigend, Florian},
	year = {2006},
	pages = {1057},
}

@article{
   
jcc540110311,
author = {Breneman, Curt M. and Wiberg, Kenneth B.},
title = {Determining atom-centered monopoles from molecular electrostatic potentials. The need for high sampling density in formamide conformational analysis},
journal = {Journal of Computational Chemistry},
volume = {11},
number = {3},
pages = {361-373},
doi = {https://doi.org/10.1002/jcc.540110311},
url = {https://onlinelibrary.wiley.com/doi/abs/10.1002/jcc.540110311},
eprint = {https://onlinelibrary.wiley.com/doi/pdf/10.1002/jcc.540110311},
year = {1990}
}


@article{thole_molecular_1981,
	title = {Molecular polarizabilities calculated with a modified dipole interaction},
	volume = {59},
	copyright = {https://www.elsevier.com/tdm/userlicense/1.0/},
	issn = {03010104},
	url = {https://linkinghub.elsevier.com/retrieve/pii/0301010481851762},
	doi = {10.1016/0301-0104(81)85176-2},
	number = {3},
	urldate = {2024-07-24},
	journal = {Chemical Physics},
	author = {Thole, B.T.},
	month = aug,
	year = {1981},
	pages = {341--350},
}

@article{doi:10.1021/acs.jctc.8b00617,
author = {Wehner, Jens and Brombacher, Lothar and Brown, Joshua and Junghans, Christoph and Çaylak, Onur and Khalak, Yuriy and Madhikar, Pranav and Tirimbò, Gianluca and Baumeier, Björn},
title = {Electronic Excitations in Complex Molecular Environments: Many-Body Green’s Functions Theory in VOTCA-XTP},
journal = {Journal of Chemical Theory and Computation},
volume = {14},
number = {12},
pages = {6253-6268},
year = {2018},
doi = {10.1021/acs.jctc.8b00617},
    note ={PMID: 30404449},
URL = { 
        https://doi.org/10.1021/acs.jctc.8b00617
}
}

@article{10.1063/1.5144277,
    author = {Tirimbò, G. and Sundaram, V. and Çaylak, O. and Scharpach, W. and Sijen, J. and Junghans, C. and Brown, J. and Ruiz, F. Zapata and Renaud, N. and Wehner, J. and Baumeier, B.},
    title = "{Excited-state electronic structure of molecules using many-body Green’s functions: Quasiparticles and electron–hole excitations with VOTCA-XTP}",
    journal = {The Journal of Chemical Physics},
    volume = {152},
    number = {11},
    pages = {114103},
    year = {2020},
    month = {03},
    issn = {0021-9606},
    doi = {10.1063/1.5144277},
    url = {https://doi.org/10.1063/1.5144277},
}


@article{baumeier_density_2010,
	title = {Density-functional based determination of intermolecular charge transfer properties for large-scale morphologies},
	volume = {12},
	issn = {1463-9076, 1463-9084},
	url = {https://xlink.rsc.org/?DOI=c002337j},
	doi = {10.1039/c002337j},
	number = {36},
	urldate = {2024-04-28},
	journal = {Physical Chemistry Chemical Physics},
	author = {Baumeier, Björn and Kirkpatrick, James and Andrienko, Denis},
	year = {2010},
	pages = {11103},
}

@article{baumeier_votca_2024,
	title = {{VOTCA}: multiscale frameworks for quantum and classicalsimulations in soft matter},
	volume = {9},
	issn = {2475-9066},
	url = {https://joss.theoj.org/papers/10.21105/joss.06864},
	doi = {10.21105/joss.06864},
	number = {99},
	urldate = {2024-11-12},
	journal = {JOSS},
	author = {Baumeier, Björn and Wehner, Jens and Renaud, Nicolas and Ruiz, Felipe Zapata and Halver, Rene and Madhikar, Pranav and Gerritsen, Ruben and Tirimbo, Gianluca and Sijen, Javier and Rosenberger, David and Brown, Joshua S. and Sundaram, Vivek and Krajniak, Jakub and Bernhardt, Marvin and Junghans, Christoph},
	year = {2024},
	pages = {6864},
}

@book{villani_optimal_2009,
	address = {Berlin},
	series = {Grundlehren der mathematischen Wissenschaften},
	title = {Optimal transport: old and new},
	isbn = {978-3-540-71049-3},
	number = {338},
	publisher = {Springer},
	author = {Villani, Cédric},
	year = {2009},
}

@article{saltelli_variance_2010,
	title = {Variance based sensitivity analysis of model output. {Design} and estimator for the total sensitivity index},
	volume = {181},
	copyright = {https://www.elsevier.com/tdm/userlicense/1.0/},
	issn = {00104655},
	url = {https://linkinghub.elsevier.com/retrieve/pii/S0010465509003087},
	doi = {10.1016/j.cpc.2009.09.018},
	number = {2},
	urldate = {2024-11-06},
	journal = {Computer Physics Communications},
	author = {Saltelli, Andrea and Annoni, Paola and Azzini, Ivano and Campolongo, Francesca and Ratto, Marco and Tarantola, Stefano},
	month = feb,
	year = {2010},
	pages = {259--270},
}

%%%%%%%%%%%%%%%%%%%%%%%%%%%%%%%%%%%%%%
%%%%%%%%%%%%%%% result %%%%%%%%%%%%%%%%%%%%%%%%%%
@article{sobol_global_2001,
	title = {Global sensitivity indices for nonlinear mathematical models and their Monte Carlo estimates},
	volume = {55},
	copyright = {https://www.elsevier.com/tdm/userlicense/1.0/},
	issn = {03784754},
	url = {https://linkinghub.elsevier.com/retrieve/pii/S0378475400002706},
	doi = {10.1016/S0378-4754(00)00270-6},
	number = {1-3},
	urldate = {2024-10-21},
	journal = {Mathematics and Computers in Simulation},
	author = {Sobol, I.M},
	month = feb,
	year = {2001},
	pages = {271--280},
}

%%%%%%%%%%%%%%%%% end result %%%%%%%%%%%%%%%%%%%%%%%