@article{baranovskii_theoretical_2014,
	title = {Theoretical description of charge transport in disordered organic semiconductors},
	volume = {251},
	copyright = {http://onlinelibrary.wiley.com/termsAndConditions\#vor},
	issn = {0370-1972, 1521-3951},
	url = {https://onlinelibrary.wiley.com/doi/10.1002/pssb.201350339},
	doi = {10.1002/pssb.201350339},
	language = {en},
	number = {3},
	urldate = {2024-04-28},
	journal = {physica status solidi (b)},
	author = {Baranovskii, S. D.},
	month = mar,
	year = {2014},
	pages = {487--525},
}

@article{kohn_self_1965,
	title = {Self-{Consistent} {Equations} {Including} {Exchange} and {Correlation} {Effects}},
	volume = {140},
	copyright = {http://link.aps.org/licenses/aps-default-license},
	issn = {0031-899X},
	url = {https://link.aps.org/doi/10.1103/PhysRev.140.A1133},
	doi = {10.1103/PhysRev.140.A1133},
	language = {en},
	number = {4A},
	urldate = {2024-06-19},
	journal = {Physical Review},
	author = {Kohn, W. and Sham, L. J.},
	month = nov,
	year = {1965},
	pages = {A1133--A1138},
	file = {Full Text:/home/zhong/Zotero/storage/WN8SUAB7/Kohn and Sham - 1965 - Self-Consistent Equations Including Exchange and C.pdf:application/pdf},
}

@article{weigend_accurate_2006,
	title = {Accurate {Coulomb}-fitting basis sets for {H} to {Rn}},
	volume = {8},
	issn = {1463-9076, 1463-9084},
	url = {https://xlink.rsc.org/?DOI=b515623h},
	doi = {10.1039/b515623h},
	language = {en},
	number = {9},
	urldate = {2024-07-16},
	journal = {Physical Chemistry Chemical Physics},
	author = {Weigend, Florian},
	year = {2006},
	pages = {1057},
}

@misc{chen_graph_2024,
	title = {Graph {Random} {Walk} for {Time}-of-{Flight} {Charge} {Mobilities}},
	copyright = {arXiv.org perpetual, non-exclusive license},
	url = {https://arxiv.org/abs/2405.15836},
	doi = {10.48550/ARXIV.2405.15836},
	urldate = {2024-06-19},
	publisher = {arXiv},
	author = {Chen, Zhongquan and van der Hoorn, Pim and Baumeier, Björn},
	year = {2024},
	note = {Version Number: 1},
	keywords = {05C81, 05C90, 60J22, 60J74, Computational Physics (physics.comp-ph), FOS: Mathematics, FOS: Physical sciences, Probability (math.PR), Statistical Mechanics (cond-mat.stat-mech)},
}

@article{Baumeier2011,
author = {Rühle, Victor and Lukyanov, Alexander and May, Falk and Schrader, Manuel and Vehoff, Thorsten and Kirkpatrick, James and Baumeier, Björn and Andrienko, Denis},
title = {Microscopic Simulations of Charge Transport in Disordered Organic Semiconductors},
journal = {Journal of Chemical Theory and Computation},
volume = {7},
number = {10},
pages = {3335-3345},
year = {2011},
doi = {10.1021/ct200388s},
    note ={PMID: 22076120},

}

@book{camiola_charge_2020,
	address = {Cham, Switzerland},
	series = {Mathematics in industry},
	title = {Charge transport in low dimensional semiconductor structures: the maximum entropy approach},
	isbn = {978-3-030-35992-8},
	shorttitle = {Charge transport in low dimensional semiconductor structures},
	language = {eng},
	number = {volume 31},
	publisher = {Springer Nature},
	author = {Camiola, Vito Dario and Mascali, Giovanni and Romano, Vittorio},
	year = {2020},
	doi = {10.1007/978-3-030-35993-5},
	file = {Table of Contents PDF:/home/zhong/Zotero/storage/L6HLW9MX/Camiola et al. - 2020 - Charge transport in low dimensional semiconductor .pdf:application/pdf},
}

@article{kaiser_novo_2021,
	title = {De {Novo} {Calculation} of the {Charge} {Carrier} {Mobility} in {Amorphous} {Small} {Molecule} {Organic} {Semiconductors}},
	volume = {9},
	issn = {2296-2646},
	url = {https://www.frontiersin.org/articles/10.3389/fchem.2021.801589/full},
	doi = {10.3389/fchem.2021.801589},
	urldate = {2024-04-28},
	journal = {Frontiers in Chemistry},
	author = {Kaiser, Simon and Neumann, Tobias and Symalla, Franz and Schlöder, Tobias and Fediai, Artem and Friederich, Pascal and Wenzel, Wolfgang},
	month = dec,
	year = {2021},
	pages = {801589},
	file = {Full Text:/home/zhong/Zotero/storage/PRLQ3U5E/Kaiser et al. - 2021 - De Novo Calculation of the Charge Carrier Mobility.pdf:application/pdf},
}

@article{uchaikin_fractional_2008,
	title = {Fractional theory for transport in disordered semiconductors},
	volume = {13},
	copyright = {https://www.elsevier.com/tdm/userlicense/1.0/},
	issn = {10075704},
	url = {https://linkinghub.elsevier.com/retrieve/pii/S1007570406001559},
	doi = {10.1016/j.cnsns.2006.07.008},
	language = {en},
	number = {4},
	urldate = {2024-04-28},
	journal = {Communications in Nonlinear Science and Numerical Simulation},
	author = {Uchaikin, Vladimir V. and Sibatov, Renat T.},
	month = jul,
	year = {2008},
	pages = {715--727},
}

@article{baumeier_density_2010,
	title = {Density-functional based determination of intermolecular charge transfer properties for large-scale morphologies},
	volume = {12},
	issn = {1463-9076, 1463-9084},
	url = {https://xlink.rsc.org/?DOI=c002337j},
	doi = {10.1039/c002337j},
	language = {en},
	number = {36},
	urldate = {2024-04-28},
	journal = {Physical Chemistry Chemical Physics},
	author = {Baumeier, Björn and Kirkpatrick, James and Andrienko, Denis},
	year = {2010},
	pages = {11103},
}

@article{stenzel_general_2014,
	title = {A {General} {Framework} for {Consistent} {Estimation} of {Charge} {Transport} {Properties} via {Random} {Walks} in {Random} {Environments}},
	volume = {12},
	issn = {1540-3459, 1540-3467},
	url = {http://epubs.siam.org/doi/10.1137/130942504},
	doi = {10.1137/130942504},
	language = {en},
	number = {3},
	urldate = {2023-07-08},
	journal = {Multiscale Modeling \& Simulation},
	author = {Stenzel, Ole and Hirsch, Christian and Brereton, Tim and Baumeier, Bjoern and Andrienko, Denis and Kroese, Dirk and Schmidt, Volker},
	month = jan,
	year = {2014},
	pages = {1108--1134},
}

@article{van_de_burgt_2017,
	title = {A non-volatile organic electrochemical device as a low-voltage artificial synapse for neuromorphic computing},
	volume = {16},
	issn = {1476-1122, 1476-4660},
	url = {https://www.nature.com/articles/nmat4856},
	doi = {10.1038/nmat4856},
	language = {en},
	number = {4},
	urldate = {2024-01-08},
	journal = {Nature Materials},
	author = {Van De Burgt, Yoeri and Lubberman, Ewout and Fuller, Elliot J. and Keene, Scott T. and Faria, Grégorio C. and Agarwal, Sapan and Marinella, Matthew J. and Alec Talin, A. and Salleo, Alberto},
	month = apr,
	year = {2017},
	pages = {414--418},
	file = {Full Text:/home/zhong/Zotero/storage/5FC3PMQC/Van De Burgt et al. - 2017 - A non-volatile organic electrochemical device as a.pdf:application/pdf},
}

@book{beilina_numerical_2017,
	address = {Cham, Switzerland},
	title = {Numerical linear algebra: theory and applications},
	isbn = {978-3-319-57302-1},
	shorttitle = {Numerical linear algebra},
	language = {eng},
	publisher = {Springer Nature},
	author = {Beilina, Larisa and Karčevskij, Evgenij Michajlovič and Karčevskij, Michail Mironovič},
	year = {2017},
	doi = {10.1007/978-3-319-57304-5},
	file = {Submitted Version:/home/zhong/Zotero/storage/IWTGYIYL/Beilina et al. - 2017 - Numerical linear algebra theory and applications.pdf:application/pdf},
}


@article{jackson_charge_2016,
        title = {Charge transport network dynamics in molecular aggregates},
        volume = {113},
        issn = {0027-8424, 1091-6490},
        url = {https://pnas.org/doi/full/10.1073/pnas.1601915113},
        doi = {10.1073/pnas.1601915113},
        language = {en},
        number = {31},
        urldate = {2023-10-31},
        journal = {Proceedings of the National Academy of Sciences},
        author = {Jackson, Nicholas E. and Chen, Lin X. and Ratner, Mark A.},
        month = aug,
        year = {2016},
        pages = {8595--8600},
        file = {Full Text:/home/zhong/Zotero/storage/4WG35CAG/Jackson et al. - 2016 - Charge transport network dynamics in molecular agg.pdf:application/pdf},
}


@article{jackson_simple_2015,
	title = {A {Simple} {Index} for {Characterizing} {Charge} {Transport} in {Molecular} {Materials}},
	volume = {6},
	issn = {1948-7185, 1948-7185},
	url = {https://pubs.acs.org/doi/10.1021/acs.jpclett.5b00135},
	doi = {10.1021/acs.jpclett.5b00135},
	language = {en},
	number = {6},
	urldate = {2023-10-30},
	journal = {The Journal of Physical Chemistry Letters},
	author = {Jackson, Nicholas E. and Savoie, Brett M. and Chen, Lin X. and Ratner, Mark A.},
	month = mar,
	year = {2015},
	pages = {1018--1021},
}

@article{klein_resistance_1993,
	title = {Resistance distance},
	volume = {12},
	issn = {0259-9791, 1572-8897},
	url = {http://link.springer.com/10.1007/BF01164627},
	doi = {10.1007/BF01164627},
	language = {en},
	number = {1},
	urldate = {2023-09-04},
	journal = {Journal of Mathematical Chemistry},
	author = {Klein, D. J. and Randić, M.},
	month = dec,
	year = {1993},
	pages = {81--95},
}

@article{doyle_random_2000,
	title = {Random {Walks} and {Electric} {Networks}},
	url = {https://arxiv.org/abs/math/0001057},
	doi = {10.48550/ARXIV.MATH/0001057},
	urldate = {2023-09-04},
	author = {Doyle, Peter G. and Snell, J. Laurie},
	year = {2000},
	note = {Publisher: arXiv
Version Number: 1},
}

@article{young_new_2013,
	title = {A {New} {Notion} of {Effective} {Resistance} for {Directed} {Graphs}-{Part} {I}: {Definition} and {Properties}},
	copyright = {arXiv.org perpetual, non-exclusive license},
	shorttitle = {A {New} {Notion} of {Effective} {Resistance} for {Directed} {Graphs}-{Part} {I}},
	url = {https://arxiv.org/abs/1310.5163},
	doi = {10.48550/ARXIV.1310.5163},
	urldate = {2023-11-12},
	author = {Young, George Forrest and Scardovi, Luca and Leonard, Naomi Ehrich},
	year = {2013},
	note = {Publisher: arXiv
Version Number: 2},
}


@article{young_new_2016,
	title = {A {New} {Notion} of {Effective} {Resistance} for {Directed} {Graphs}—{Part} {II}: {Computing} {Resistances}},
	volume = {61},
	issn = {0018-9286, 1558-2523},
	shorttitle = {A {New} {Notion} of {Effective} {Resistance} for {Directed} {Graphs}—{Part} {II}},
	url = {http://ieeexplore.ieee.org/document/7275126/},
	doi = {10.1109/TAC.2015.2481839},
	number = {7},
	urldate = {2023-05-12},
	journal = {IEEE Transactions on Automatic Control},
	author = {Young, George Forrest and Scardovi, Luca and Leonard, Naomi Ehrich},
	month = jul,
	year = {2016},
	pages = {1737--1752},
}

@article{said_netki_2021,
	title = {{NetKI}: {A} kirchhoff index based statistical graph embedding in nearly linear time},
	volume = {433},
	issn = {09252312},
	shorttitle = {{NetKI}},
	url = {https://linkinghub.elsevier.com/retrieve/pii/S0925231220319755},
	doi = {10.1016/j.neucom.2020.12.075},
	language = {en},
	urldate = {2023-11-14},
	journal = {Neurocomputing},
	author = {Said, Anwar and Hassan, Saeed-Ul and Abbas, Waseem and Shabbir, Mudassir},
	month = apr,
	year = {2021},
	pages = {108--118},
}

@article{tyloo_global_2019,
	title = {Global robustness versus local vulnerabilities in complex synchronous networks},
	volume = {100},
	issn = {2470-0045, 2470-0053},
	url = {https://link.aps.org/doi/10.1103/PhysRevE.100.032303},
	doi = {10.1103/PhysRevE.100.032303},
	language = {en},
	number = {3},
	urldate = {2023-11-14},
	journal = {Physical Review E},
	author = {Tyloo, Melvyn and Jacquod, Philippe},
	month = sep,
	year = {2019},
	pages = {032303},
}

@article{brereton_efficient_2014,
	title = {Efficient {Simulation} of {Markov} {Chains} {Using} {Segmentation}},
	volume = {16},
	issn = {1387-5841, 1573-7713},
	url = {http://link.springer.com/10.1007/s11009-013-9327-x},
	doi = {10.1007/s11009-013-9327-x},
	language = {en},
	number = {2},
	urldate = {2022-05-25},
	journal = {Methodology and Computing in Applied Probability},
	author = {Brereton, Tim and Stenzel, Ole and Baumeier, Björn and Andrienko, Denis and Schmidt, Volker and Kroese, Dirk},
	month = jun,
	year = {2014},
	pages = {465--484},
}

@article{csiszar_divergence_1975,
	title = {\${I}\$-{Divergence} {Geometry} of {Probability} {Distributions} and {Minimization} {Problems}},
	volume = {3},
	issn = {0091-1798},
	url = {https://projecteuclid.org/journals/annals-of-probability/volume-3/issue-1/I-Divergence-Geometry-of-Probability-Distributions-and-Minimization-Problems/10.1214/aop/1176996454.full},
	doi = {10.1214/aop/1176996454},
	number = {1},
	urldate = {2024-02-26},
	journal = {The Annals of Probability},
	author = {Csiszar, I.},
	month = feb,
	year = {1975},
	file = {Full Text:/home/zhong/Zotero/storage/AGU6B3KT/Csiszar - 1975 - \$I\$-Divergence Geometry of Probability Distributio.pdf:application/pdf},
}

@book{villani_optimal_2009,
	address = {Berlin},
	series = {Grundlehren der mathematischen {Wissenschaften}},
	title = {Optimal transport: old and new},
	isbn = {978-3-540-71049-3},
	shorttitle = {Optimal transport},
	number = {338},
	publisher = {Springer},
	author = {Villani, Cédric},
	year = {2009},
	note = {OCLC: ocn244421231},
	keywords = {Dynamics, Dynamique, Géométrie différentielle, Geometry, Differential, Mathematical optimization, Optimisation mathématique, Probabilités, Probabilities, Problèmes de transport (Programmation), Transportation problems (Programming)},
}

@book{noauthor_2008_2008,
	address = {Piscataway, N.J.},
	title = {2008 {IEEE} {International} {Conference} on {Multimedia} and {Expo}: {ICME} 2008 : proceedings : {June} 23-26, 2008, {Hannover} {Congress} {Centrum}, {Hannover}, {Germany}},
	isbn = {978-1-4244-2570-9},
	shorttitle = {2008 {IEEE} {International} {Conference} on {Multimedia} and {Expo}},
	language = {eng},
	publisher = {IEEE Xplore},
	year = {2008},
	note = {OCLC: 257677334},
}


@article{caswell_perturbation_2011,
	title = {Perturbation analysis of continuous‐time absorbing {Markov} chains},
	volume = {18},
	issn = {1070-5325, 1099-1506},
	url = {https://onlinelibrary.wiley.com/doi/10.1002/nla.791},
	doi = {10.1002/nla.791},
	language = {en},
	number = {6},
	urldate = {2024-03-04},
	journal = {Numerical Linear Algebra with Applications},
	author = {Caswell, Hal},
	month = nov,
	year = {2011},
	pages = {901--917},
}

@article{von_luxburg_tutorial_2007,
	title = {A tutorial on spectral clustering},
	volume = {17},
	copyright = {http://www.springer.com/tdm},
	issn = {0960-3174, 1573-1375},
	url = {http://link.springer.com/10.1007/s11222-007-9033-z},
	doi = {10.1007/s11222-007-9033-z},
	language = {en},
	number = {4},
	urldate = {2024-03-26},
	journal = {Statistics and Computing},
	author = {Von Luxburg, Ulrike},
	month = dec,
	year = {2007},
	pages = {395--416},
	file = {Submitted Version:/home/zhong/Zotero/storage/PE6KK2XF/Von Luxburg - 2007 - A tutorial on spectral clustering.pdf:application/pdf},
}

@article{young_new_2013,
	title = {A {New} {Notion} of {Effective} {Resistance} for {Directed} {Graphs}-{Part} {I}: {Definition} and {Properties}},
	copyright = {arXiv.org perpetual, non-exclusive license},
	shorttitle = {A {New} {Notion} of {Effective} {Resistance} for {Directed} {Graphs}-{Part} {I}},
	url = {https://arxiv.org/abs/1310.5163},
	doi = {10.48550/ARXIV.1310.5163},
	urldate = {2023-11-12},
	author = {Young, George Forrest and Scardovi, Luca and Leonard, Naomi Ehrich},
	year = {2013},
	note = {Publisher: arXiv
Version Number: 2},
}

@article{bauer_normalized_2012,
	title = {Normalized graph {Laplacians} for directed graphs},
	volume = {436},
	copyright = {https://www.elsevier.com/tdm/userlicense/1.0/},
	issn = {00243795},
	url = {https://linkinghub.elsevier.com/retrieve/pii/S0024379512000845},
	doi = {10.1016/j.laa.2012.01.020},
	language = {en},
	number = {11},
	urldate = {2024-04-15},
	journal = {Linear Algebra and its Applications},
	author = {Bauer, Frank},
	month = jun,
	year = {2012},
	pages = {4193--4222},
	file = {Submitted Version:/home/zhong/Zotero/storage/FY4H6R28/Bauer - 2012 - Normalized graph Laplacians for directed graphs.pdf:application/pdf},
}

@inproceedings{inproceedings,
author = {Pentney, William and Meila, Marina},
year = {2005},
month = {01},
pages = {845-850},
title = {Spectral Clustering of Biological Sequence Data},
volume = {20},
journal = {Proceedings of the national conference on artificial intelligence}
}

@article{lloyd_least_1982,
	title = {Least squares quantization in {PCM}},
	volume = {28},
	copyright = {https://ieeexplore.ieee.org/Xplorehelp/downloads/license-information/IEEE.html},
	issn = {0018-9448},
	url = {http://ieeexplore.ieee.org/document/1056489/},
	doi = {10.1109/TIT.1982.1056489},
	language = {en},
	number = {2},
	urldate = {2024-05-01},
	journal = {IEEE Transactions on Information Theory},
	author = {Lloyd, S.},
	month = mar,
	year = {1982},
	pages = {129--137},
	file = {Submitted Version:/home/zhong/Zotero/storage/HJEXJCTA/Lloyd - 1982 - Least squares quantization in PCM.pdf:application/pdf},
}

@article{parzen_estimation_1962,
	title = {On Estimation of a Probability Density Function and Mode},
	volume = {33},
	issn = {0003-4851},
	url = {http://projecteuclid.org/euclid.aoms/1177704472},
	doi = {10.1214/aoms/1177704472},
	language = {en},
	number = {3},
	urldate = {2024-05-01},
	journal = {The Annals of Mathematical Statistics},
	author = {Parzen, Emanuel},
	month = sep,
	year = {1962},
	pages = {1065--1076},
	file = {Full Text:/home/zhong/Zotero/storage/6CVA6ESM/Parzen - 1962 - On Estimation of a Probability Density Function an.pdf:application/pdf},
}

@book{silverman_density_1998,
	address = {Boca Raton, Fla.},
	edition = {1. CRC reprint},
	series = {Monographs on statistics and applied probability},
	title = {Density estimation for statistics and data analysis},
	isbn = {978-0-412-24620-3},
	language = {eng},
	number = {26},
	publisher = {Chapman \& Hall/CRC},
	author = {Silverman, B. W.},
	year = {1998},
	annote = {Literaturverz. S. 159 - 165},
}

@article{sobol_global_2001,
	title = {Global sensitivity indices for nonlinear mathematical models and their Monte Carlo estimates},
	volume = {55},
	copyright = {https://www.elsevier.com/tdm/userlicense/1.0/},
	issn = {03784754},
	url = {https://linkinghub.elsevier.com/retrieve/pii/S0378475400002706},
	doi = {10.1016/S0378-4754(00)00270-6},
	language = {en},
	number = {1-3},
	urldate = {2024-10-21},
	journal = {Mathematics and Computers in Simulation},
	author = {Sobol, I.M},
	month = feb,
	year = {2001},
	pages = {271--280},
}


@article{berendsen_gromacs_1995,
	title = {{GROMACS}: {A} message-passing parallel molecular dynamics implementation},
	volume = {91},
	copyright = {https://www.elsevier.com/tdm/userlicense/1.0/},
	issn = {00104655},
	shorttitle = {{GROMACS}},
	url = {https://linkinghub.elsevier.com/retrieve/pii/001046559500042E},
	doi = {10.1016/0010-4655(95)00042-E},
	language = {en},
	number = {1-3},
	urldate = {2024-10-03},
	journal = {Computer Physics Communications},
	author = {Berendsen, H.J.C. and Van Der Spoel, D. and Van Drunen, R.},
	month = sep,
	year = {1995},
	pages = {43--56},
}

@article{stroet_automated_2018,
	title = {Automated {Topology} {Builder} {Version} 3.0: {Prediction} of {Solvation} {Free} {Enthalpies} in {Water} and {Hexane}},
	volume = {14},
	issn = {1549-9618, 1549-9626},
	shorttitle = {Automated {Topology} {Builder} {Version} 3.0},
	url = {https://pubs.acs.org/doi/10.1021/acs.jctc.8b00768},
	doi = {10.1021/acs.jctc.8b00768},
	language = {en},
	number = {11},
	urldate = {2024-10-03},
	journal = {Journal of Chemical Theory and Computation},
	author = {Stroet, Martin and Caron, Bertrand and Visscher, Koen M. and Geerke, Daan P. and Malde, Alpeshkumar K. and Mark, Alan E.},
	month = nov,
	year = {2018},
	pages = {5834--5845},
}


@article{Neese2012a,
    title = {{The ORCA program system}},
    year = {2012},
    journal = {Wiley Interdisciplinary Reviews: Computational Molecular Science},
    author = {Neese, Frank},
    number = {1},
    month = {1},
    pages = {73--78},
    volume = {2},
    publisher = {John Wiley {\&} Sons, Ltd},
    doi = {10.1002/wcms.81},
    issn = {17590876}
}


@article{rudberg_kohnsham_2011,
	title = {Kohn-{Sham} {Density} {Functional} {Theory} {Electronic} {Structure} {Calculations} with {Linearly} {Scaling} {Computational} {Time} and {Memory} {Usage}},
	volume = {7},
	issn = {1549-9618, 1549-9626},
	url = {https://pubs.acs.org/doi/10.1021/ct100611z},
	doi = {10.1021/ct100611z},
	language = {en},
	number = {2},
	urldate = {2024-07-16},
	journal = {Journal of Chemical Theory and Computation},
	author = {Rudberg, Elias and Rubensson, Emanuel H. and Sałek, Paweł},
	month = feb,
	year = {2011},
	pages = {340--350},
}